@book{husemoller2013fibre,
  title={Fibre Bundles},
  author={Husem{\"o}ller, D.},
  isbn={9781475722611},
  series={Graduate Texts in Mathematics},
  url={https://books.google.fr/books?id=pCXlBwAAQBAJ},
  year={2013},
  publisher={Springer New York}
}